%% This BibTeX bibliography file was created using BibDesk.
%% http://bibdesk.sourceforge.net/

	
@article{duflo2007,
	author = {Duflo, E and Dupas, P and Kremer, M},
	journal = {Unpublished},
	title = {Peer Effects, Pupil-Teacher Ratios, and Teacher Incentives: Evidence from a Randomized Evaluation in Kenya},
	year = {2007}}
	
@article{duflo2011,
	author = {Duflo, E and Dupas, P and Kremer, M},
	journal = {American Economic Review 101},
	title = {Peer Effects, Teacher Incentives, and the Impact of Tracking: Evidence from a Randomized Evaluation in Kenya},
	year = {2011}}
	
@article{unesco2007,
	author = {UNESCO},
	journal = {Paris: UNESCO Publishing},
	title = {Strong Foundations: Early Childhood Care and Education},
	year = {2007}}